@misc{exempel1,
	author={Namn på Professor}, 
    howpublished={personlig kommunikation}, 
    date= {2017-04-19}
}

@online{exempel2,
  author = {Författare},
  year =2016,
  url = {https://www.quora.com},
  urldate = {2017-05-29}
}
